<?xml version="1.0" encoding="UTF-8"?><collection xmlns="http://www.loc.gov/MARC21/slim"><record><leader>00622nam--2200181-u-4500</leader><controlfield tag="001">000056641</controlfield><controlfield tag="002">20161230</controlfield><controlfield tag="005">20161230201052</controlfield><controlfield tag="008">160404s1000------------r-----000-0-eng-d</controlfield><datafield ind1=" " ind2=" " tag="040"><subfield code="a">IFIN-HH</subfield></datafield><datafield ind1=" " ind2=" " tag="080"><subfield code="a">538.945</subfield></datafield><datafield ind1="1" ind2=" " tag="100"><subfield code="a">Cordes, H.G</subfield></datafield><datafield ind1="1" ind2="0" tag="245"><subfield code="a">Zaed superconductivity data</subfield><subfield code="c">H.g. cordes, m. dietrich, j. halbitter, h. hubner, h von lohneysen, k. luders, r. meier-hirmer, u. poppe, u. ruppet, w. schwarz, e. thorwarth, k. ullrich</subfield></datafield><datafield ind1=" " ind2=" " tag="260"><subfield code="a">Karlsruhe</subfield><subfield code="b">Fachinformationszentrum</subfield><subfield code="c">1982</subfield></datafield><datafield ind1=" " ind2=" " tag="300"><subfield code="a">591P</subfield></datafield><datafield ind1=" " ind2=" " tag="490"><subfield code="a">Physik Daten Physics Data 19-1 1982</subfield></datafield><datafield ind1=" " ind2=" " tag="852"><subfield code="a">47445</subfield><subfield code="c">53.081</subfield></datafield><datafield ind1=" " ind2=" " tag="CAT"><subfield code="a">Sys</subfield><subfield code="c">20160404</subfield><subfield code="h">145626</subfield></datafield></record></collection>